<?xml version="1.0" encoding="UTF-8"?><collection xmlns="http://www.loc.gov/MARC21/slim"><record><leader>00450nam--2200133-i-4500</leader><controlfield tag="001">000015415</controlfield><controlfield tag="002">20161230</controlfield><controlfield tag="005">20161230201031</controlfield><controlfield tag="008">060222s1000------------r-----000-0-eng-d</controlfield><datafield ind1=" " ind2=" " tag="100"><subfield code="a">Carter, William H</subfield></datafield><datafield ind1=" " ind2=" " tag="245"><subfield code="a">Applications of mathematics in modern optics - -</subfield></datafield><datafield ind1=" " ind2=" " tag="260"><subfield code="a">Washington, The International Society For Opti Cal Engineering, 1982</subfield></datafield><datafield ind1=" " ind2=" " tag="490"><subfield code="a">Proceedings Of Spie-the International Society For Optical Engineering</subfield></datafield><datafield ind1=" " ind2=" " tag="852"><subfield code="a">51.73:535(063)</subfield></datafield></record></collection>